<record><leader>00000cas a22000007a 4500</leader><controlfield tag="001">19565443</controlfield><controlfield tag="008">890418d19521976mouwr ne      0    0eng d</controlfield><datafield ind1=" " ind2=" " tag="010"><subfield code="a">sn 89066479 </subfield></datafield><datafield ind1=" " ind2=" " tag="040"><subfield code="a">MQN</subfield><subfield code="b">eng</subfield><subfield code="c">MQN</subfield><subfield code="d">OCLCQ</subfield></datafield><datafield ind1=" " ind2=" " tag="042"><subfield code="a">msc</subfield></datafield><datafield ind1="0" ind2=" " tag="130"><subfield code="a">Courier-press (Ellington, Mo.)</subfield></datafield><datafield ind1="1" ind2="4" tag="245"><subfield code="a">The courier-press.</subfield></datafield><datafield ind1=" " ind2=" " tag="260"><subfield code="a">Ellington, Reynolds County, Mo. :</subfield><subfield code="b">Daniels Pub. Co.,</subfield><subfield code="c">1952-1976.</subfield></datafield><datafield ind1=" " ind2=" " tag="300"><subfield code="a">v.</subfield></datafield><datafield ind1=" " ind2=" " tag="310"><subfield code="a">Weekly</subfield></datafield><datafield ind1="0" ind2=" " tag="362"><subfield code="a">Vol. 1, no. 1 (Jan. 3, 1952)-v. 27, no. 5 (Dec. 30, 1976).</subfield></datafield><datafield ind1=" " ind2=" " tag="752"><subfield code="a">United States</subfield><subfield code="b">Missouri</subfield><subfield code="c">Reynolds</subfield><subfield code="d">Ellington.</subfield></datafield><datafield ind1="0" ind2="4" tag="780"><subfield code="t">Reynolds County courier (Centerville, Mo.)</subfield><subfield code="w">(DLC)sn 86063297</subfield></datafield><datafield ind1="0" ind2="4" tag="780"><subfield code="t">Ellington press</subfield><subfield code="w">(DLC)sn 89066478</subfield></datafield><datafield ind1="0" ind2="5" tag="780"><subfield code="t">Reynolds County times</subfield><subfield code="w">(DLC)sn 89066480</subfield></datafield><datafield ind1="0" ind2="0" tag="785"><subfield code="t">Reynolds County courier (Ellington, Mo.)</subfield><subfield code="w">(DLC)sn 89066481</subfield></datafield></record>